%YAML 1.1
%TAG !u! tag:unity3d.com,2011:
--- !u!29 &1
OcclusionCullingSettings:
  m_ObjectHideFlags: 0
  serializedVersion: 2
  m_OcclusionBakeSettings:
    smallestOccluder: 5
    smallestHole: 0.25
    backfaceThreshold: 100
  m_SceneGUID: 00000000000000000000000000000000
  m_OcclusionCullingData: {fileID: 0}
--- !u!104 &2
RenderSettings:
  m_ObjectHideFlags: 0
  serializedVersion: 9
  m_Fog: 0
  m_FogColor: {r: 0.5, g: 0.5, b: 0.5, a: 1}
  m_FogMode: 3
  m_FogDensity: 0.01
  m_LinearFogStart: 0
  m_LinearFogEnd: 300
  m_AmbientSkyColor: {r: 0.212, g: 0.227, b: 0.259, a: 1}
  m_AmbientEquatorColor: {r: 0.114, g: 0.125, b: 0.133, a: 1}
  m_AmbientGroundColor: {r: 0.047, g: 0.043, b: 0.035, a: 1}
  m_AmbientIntensity: 1
  m_AmbientMode: 3
  m_SubtractiveShadowColor: {r: 0.42, g: 0.478, b: 0.627, a: 1}
  m_SkyboxMaterial: {fileID: 0}
  m_HaloStrength: 0.5
  m_FlareStrength: 1
  m_FlareFadeSpeed: 3
  m_HaloTexture: {fileID: 0}
  m_SpotCookie: {fileID: 10001, guid: 0000000000000000e000000000000000, type: 0}
  m_DefaultReflectionMode: 0
  m_DefaultReflectionResolution: 128
  m_ReflectionBounces: 1
  m_ReflectionIntensity: 1
  m_CustomReflection: {fileID: 0}
  m_Sun: {fileID: 0}
  m_IndirectSpecularColor: {r: 0, g: 0, b: 0, a: 1}
  m_UseRadianceAmbientProbe: 0
--- !u!157 &3
LightmapSettings:
  m_ObjectHideFlags: 0
  serializedVersion: 11
  m_GIWorkflowMode: 1
  m_GISettings:
    serializedVersion: 2
    m_BounceScale: 1
    m_IndirectOutputScale: 1
    m_AlbedoBoost: 1
    m_EnvironmentLightingMode: 0
    m_EnableBakedLightmaps: 0
    m_EnableRealtimeLightmaps: 0
  m_LightmapEditorSettings:
    serializedVersion: 12
    m_Resolution: 2
    m_BakeResolution: 40
    m_AtlasSize: 1024
    m_AO: 0
    m_AOMaxDistance: 1
    m_CompAOExponent: 1
    m_CompAOExponentDirect: 0
    m_ExtractAmbientOcclusion: 0
    m_Padding: 2
    m_LightmapParameters: {fileID: 0}
    m_LightmapsBakeMode: 1
    m_TextureCompression: 1
    m_FinalGather: 0
    m_FinalGatherFiltering: 1
    m_FinalGatherRayCount: 256
    m_ReflectionCompression: 2
    m_MixedBakeMode: 2
    m_BakeBackend: 1
    m_PVRSampling: 1
    m_PVRDirectSampleCount: 32
    m_PVRSampleCount: 512
    m_PVRBounces: 2
    m_PVREnvironmentSampleCount: 256
    m_PVREnvironmentReferencePointCount: 2048
    m_PVRFilteringMode: 1
    m_PVRDenoiserTypeDirect: 1
    m_PVRDenoiserTypeIndirect: 1
    m_PVRDenoiserTypeAO: 1
    m_PVRFilterTypeDirect: 0
    m_PVRFilterTypeIndirect: 0
    m_PVRFilterTypeAO: 0
    m_PVREnvironmentMIS: 1
    m_PVRCulling: 1
    m_PVRFilteringGaussRadiusDirect: 1
    m_PVRFilteringGaussRadiusIndirect: 5
    m_PVRFilteringGaussRadiusAO: 2
    m_PVRFilteringAtrousPositionSigmaDirect: 0.5
    m_PVRFilteringAtrousPositionSigmaIndirect: 2
    m_PVRFilteringAtrousPositionSigmaAO: 1
    m_ExportTrainingData: 0
    m_TrainingDataDestination: TrainingData
  m_LightingDataAsset: {fileID: 0}
  m_UseShadowmask: 1
--- !u!196 &4
NavMeshSettings:
  serializedVersion: 2
  m_ObjectHideFlags: 0
  m_BuildSettings:
    serializedVersion: 2
    agentTypeID: 0
    agentRadius: 0.5
    agentHeight: 2
    agentSlope: 45
    agentClimb: 0.4
    ledgeDropHeight: 0
    maxJumpAcrossDistance: 0
    minRegionArea: 2
    manualCellSize: 0
    cellSize: 0.16666667
    manualTileSize: 0
    tileSize: 256
    accuratePlacement: 0
    debug:
      m_Flags: 0
  m_NavMeshData: {fileID: 0}
--- !u!1 &35914151
GameObject:
  m_ObjectHideFlags: 0
  m_CorrespondingSourceObject: {fileID: 0}
  m_PrefabInstance: {fileID: 0}
  m_PrefabAsset: {fileID: 0}
  serializedVersion: 6
  m_Component:
  - component: {fileID: 35914154}
  - component: {fileID: 35914153}
  - component: {fileID: 35914152}
  m_Layer: 0
  m_Name: Main Camera
  m_TagString: MainCamera
  m_Icon: {fileID: 0}
  m_NavMeshLayer: 0
  m_StaticEditorFlags: 0
  m_IsActive: 1
--- !u!81 &35914152
AudioListener:
  m_ObjectHideFlags: 0
  m_CorrespondingSourceObject: {fileID: 0}
  m_PrefabInstance: {fileID: 0}
  m_PrefabAsset: {fileID: 0}
  m_GameObject: {fileID: 35914151}
  m_Enabled: 1
--- !u!20 &35914153
Camera:
  m_ObjectHideFlags: 0
  m_CorrespondingSourceObject: {fileID: 0}
  m_PrefabInstance: {fileID: 0}
  m_PrefabAsset: {fileID: 0}
  m_GameObject: {fileID: 35914151}
  m_Enabled: 1
  serializedVersion: 2
  m_ClearFlags: 1
  m_BackGroundColor: {r: 0.19215687, g: 0.3019608, b: 0.4745098, a: 0}
  m_projectionMatrixMode: 1
  m_GateFitMode: 2
  m_FOVAxisMode: 0
  m_SensorSize: {x: 36, y: 24}
  m_LensShift: {x: 0, y: 0}
  m_FocalLength: 50
  m_NormalizedViewPortRect:
    serializedVersion: 2
    x: 0
    y: 0
    width: 1
    height: 1
  near clip plane: 0.3
  far clip plane: 1000
  field of view: 60
  orthographic: 1
  orthographic size: 4.2958
  m_Depth: -1
  m_CullingMask:
    serializedVersion: 2
    m_Bits: 4294967295
  m_RenderingPath: -1
  m_TargetTexture: {fileID: 0}
  m_TargetDisplay: 0
  m_TargetEye: 3
  m_HDR: 1
  m_AllowMSAA: 1
  m_AllowDynamicResolution: 0
  m_ForceIntoRT: 0
  m_OcclusionCulling: 1
  m_StereoConvergence: 10
  m_StereoSeparation: 0.022
--- !u!4 &35914154
Transform:
  m_ObjectHideFlags: 0
  m_CorrespondingSourceObject: {fileID: 0}
  m_PrefabInstance: {fileID: 0}
  m_PrefabAsset: {fileID: 0}
  m_GameObject: {fileID: 35914151}
  m_LocalRotation: {x: -0, y: -0, z: -0, w: 1}
  m_LocalPosition: {x: -1.32, y: 0.63, z: -10}
  m_LocalScale: {x: 1, y: 1, z: 1}
  m_Children: []
  m_Father: {fileID: 0}
  m_RootOrder: 0
  m_LocalEulerAnglesHint: {x: 0, y: 0, z: 0}
--- !u!1 &591233775
GameObject:
  m_ObjectHideFlags: 0
  m_CorrespondingSourceObject: {fileID: 0}
  m_PrefabInstance: {fileID: 0}
  m_PrefabAsset: {fileID: 0}
  serializedVersion: 6
  m_Component:
  - component: {fileID: 591233777}
  - component: {fileID: 591233776}
  - component: {fileID: 591233779}
  - component: {fileID: 591233778}
  m_Layer: 0
  m_Name: "Plateforme Cass\xE9e"
  m_TagString: Plateforme
  m_Icon: {fileID: 0}
  m_NavMeshLayer: 0
  m_StaticEditorFlags: 0
  m_IsActive: 1
--- !u!212 &591233776
SpriteRenderer:
  m_ObjectHideFlags: 0
  m_CorrespondingSourceObject: {fileID: 0}
  m_PrefabInstance: {fileID: 0}
  m_PrefabAsset: {fileID: 0}
  m_GameObject: {fileID: 591233775}
  m_Enabled: 1
  m_CastShadows: 0
  m_ReceiveShadows: 0
  m_DynamicOccludee: 1
  m_MotionVectors: 1
  m_LightProbeUsage: 1
  m_ReflectionProbeUsage: 1
  m_RenderingLayerMask: 1
  m_RendererPriority: 0
  m_Materials:
  - {fileID: 10754, guid: 0000000000000000f000000000000000, type: 0}
  m_StaticBatchInfo:
    firstSubMesh: 0
    subMeshCount: 0
  m_StaticBatchRoot: {fileID: 0}
  m_ProbeAnchor: {fileID: 0}
  m_LightProbeVolumeOverride: {fileID: 0}
  m_ScaleInLightmap: 1
  m_ReceiveGI: 1
  m_PreserveUVs: 0
  m_IgnoreNormalsForChartDetection: 0
  m_ImportantGI: 0
  m_StitchLightmapSeams: 1
  m_SelectedEditorRenderState: 0
  m_MinimumChartSize: 4
  m_AutoUVMaxDistance: 0.5
  m_AutoUVMaxAngle: 89
  m_LightmapParameters: {fileID: 0}
  m_SortingLayerID: 0
  m_SortingLayer: 0
  m_SortingOrder: 0
  m_Sprite: {fileID: 21300000, guid: 31a9176e6e57fff4183c4b7b7f346322, type: 3}
  m_Color: {r: 1, g: 1, b: 1, a: 1}
  m_FlipX: 0
  m_FlipY: 0
  m_DrawMode: 0
  m_Size: {x: 0.7, y: 0.7}
  m_AdaptiveModeThreshold: 0.5
  m_SpriteTileMode: 0
  m_WasSpriteAssigned: 1
  m_MaskInteraction: 0
  m_SpriteSortPoint: 0
--- !u!4 &591233777
Transform:
  m_ObjectHideFlags: 0
  m_CorrespondingSourceObject: {fileID: 0}
  m_PrefabInstance: {fileID: 0}
  m_PrefabAsset: {fileID: 0}
  m_GameObject: {fileID: 591233775}
  m_LocalRotation: {x: 0, y: 0, z: 0, w: 1}
  m_LocalPosition: {x: -6.84, y: -1.28, z: 0}
  m_LocalScale: {x: 2.1731, y: 2.1731, z: 2.1731}
  m_Children: []
  m_Father: {fileID: 0}
  m_RootOrder: 3
  m_LocalEulerAnglesHint: {x: 0, y: 0, z: 0}
--- !u!61 &591233778
BoxCollider2D:
  m_ObjectHideFlags: 0
  m_CorrespondingSourceObject: {fileID: 0}
  m_PrefabInstance: {fileID: 0}
  m_PrefabAsset: {fileID: 0}
  m_GameObject: {fileID: 591233775}
  m_Enabled: 1
  m_Density: 1
  m_Material: {fileID: 0}
  m_IsTrigger: 1
  m_UsedByEffector: 0
  m_UsedByComposite: 0
  m_Offset: {x: 0, y: -0.21798225}
  m_SpriteTilingProperty:
    border: {x: 0, y: 0, z: 0, w: 0}
    pivot: {x: 0.5, y: 0.5}
    oldSize: {x: 0.7, y: 0.7}
    newSize: {x: 0.7, y: 0.7}
    adaptiveTilingThreshold: 0.5
    drawMode: 0
    adaptiveTiling: 0
  m_AutoTiling: 0
  serializedVersion: 2
  m_Size: {x: 0.7, y: 0.26403543}
  m_EdgeRadius: 0
--- !u!114 &591233779
MonoBehaviour:
  m_ObjectHideFlags: 0
  m_CorrespondingSourceObject: {fileID: 0}
  m_PrefabInstance: {fileID: 0}
  m_PrefabAsset: {fileID: 0}
  m_GameObject: {fileID: 591233775}
  m_Enabled: 1
  m_EditorHideFlags: 0
  m_Script: {fileID: 11500000, guid: b6270e0a0642e194e8854b9eeb497e61, type: 3}
  m_Name: 
  m_EditorClassIdentifier: 
  fixedSrpite: {fileID: 21300000, guid: 0777e98d11b46d947a6273ba0e56797c, type: 3}
  repared: 0
--- !u!1 &647049216
GameObject:
  m_ObjectHideFlags: 0
  m_CorrespondingSourceObject: {fileID: 0}
  m_PrefabInstance: {fileID: 0}
  m_PrefabAsset: {fileID: 0}
  serializedVersion: 6
  m_Component:
  - component: {fileID: 647049217}
  m_Layer: 0
  m_Name: Player
  m_TagString: Untagged
  m_Icon: {fileID: 0}
  m_NavMeshLayer: 0
  m_StaticEditorFlags: 0
  m_IsActive: 1
--- !u!4 &647049217
Transform:
  m_ObjectHideFlags: 0
  m_CorrespondingSourceObject: {fileID: 0}
  m_PrefabInstance: {fileID: 0}
  m_PrefabAsset: {fileID: 0}
  m_GameObject: {fileID: 647049216}
  m_LocalRotation: {x: 0, y: 0, z: 0, w: 1}
  m_LocalPosition: {x: 0, y: 0, z: 0}
  m_LocalScale: {x: 1, y: 1, z: 1}
  m_Children:
  - {fileID: 1429798838}
  m_Father: {fileID: 0}
  m_RootOrder: 4
  m_LocalEulerAnglesHint: {x: 0, y: 0, z: 0}
--- !u!1 &1195071148
GameObject:
  m_ObjectHideFlags: 0
  m_CorrespondingSourceObject: {fileID: 0}
  m_PrefabInstance: {fileID: 0}
  m_PrefabAsset: {fileID: 0}
  serializedVersion: 6
  m_Component:
  - component: {fileID: 1195071149}
  - component: {fileID: 1195071150}
  - component: {fileID: 1195071151}
  - component: {fileID: 1195071152}
  m_Layer: 0
  m_Name: Baguette
  m_TagString: Untagged
  m_Icon: {fileID: 0}
  m_NavMeshLayer: 0
  m_StaticEditorFlags: 0
  m_IsActive: 1
--- !u!4 &1195071149
Transform:
  m_ObjectHideFlags: 0
  m_CorrespondingSourceObject: {fileID: 0}
  m_PrefabInstance: {fileID: 0}
  m_PrefabAsset: {fileID: 0}
  m_GameObject: {fileID: 1195071148}
  m_LocalRotation: {x: -0, y: -0, z: -0, w: 1}
  m_LocalPosition: {x: 2.629274, y: -0.15736774, z: 0}
  m_LocalScale: {x: 0.7739083, y: 0.7739083, z: 0.77390826}
  m_Children: []
  m_Father: {fileID: 1580831312}
  m_RootOrder: 0
  m_LocalEulerAnglesHint: {x: 0, y: 0, z: 0}
--- !u!114 &1195071150
MonoBehaviour:
  m_ObjectHideFlags: 0
  m_CorrespondingSourceObject: {fileID: 0}
  m_PrefabInstance: {fileID: 0}
  m_PrefabAsset: {fileID: 0}
  m_GameObject: {fileID: 1195071148}
  m_Enabled: 1
  m_EditorHideFlags: 0
  m_Script: {fileID: 11500000, guid: 3c1dac6e99999fc4b8a2cb52ba6b91e0, type: 3}
  m_Name: 
  m_EditorClassIdentifier: 
  projectilePrefab: {fileID: 3521579760337241681, guid: 6af74b3bd9cd76747921ed48e4f2cedc,
    type: 3}
--- !u!212 &1195071151
SpriteRenderer:
  m_ObjectHideFlags: 0
  m_CorrespondingSourceObject: {fileID: 0}
  m_PrefabInstance: {fileID: 0}
  m_PrefabAsset: {fileID: 0}
  m_GameObject: {fileID: 1195071148}
  m_Enabled: 1
  m_CastShadows: 0
  m_ReceiveShadows: 0
  m_DynamicOccludee: 1
  m_MotionVectors: 1
  m_LightProbeUsage: 1
  m_ReflectionProbeUsage: 1
  m_RenderingLayerMask: 1
  m_RendererPriority: 0
  m_Materials:
  - {fileID: 10754, guid: 0000000000000000f000000000000000, type: 0}
  m_StaticBatchInfo:
    firstSubMesh: 0
    subMeshCount: 0
  m_StaticBatchRoot: {fileID: 0}
  m_ProbeAnchor: {fileID: 0}
  m_LightProbeVolumeOverride: {fileID: 0}
  m_ScaleInLightmap: 1
  m_ReceiveGI: 1
  m_PreserveUVs: 0
  m_IgnoreNormalsForChartDetection: 0
  m_ImportantGI: 0
  m_StitchLightmapSeams: 1
  m_SelectedEditorRenderState: 0
  m_MinimumChartSize: 4
  m_AutoUVMaxDistance: 0.5
  m_AutoUVMaxAngle: 89
  m_LightmapParameters: {fileID: 0}
  m_SortingLayerID: 0
  m_SortingLayer: 0
  m_SortingOrder: 1
  m_Sprite: {fileID: 21300000, guid: 18304a440fd9ee24bbc1ddf62beb546a, type: 3}
  m_Color: {r: 1, g: 1, b: 1, a: 1}
  m_FlipX: 0
  m_FlipY: 0
  m_DrawMode: 0
  m_Size: {x: 4, y: 1.38}
  m_AdaptiveModeThreshold: 0.5
  m_SpriteTileMode: 0
  m_WasSpriteAssigned: 1
  m_MaskInteraction: 0
  m_SpriteSortPoint: 0
--- !u!114 &1195071152
MonoBehaviour:
  m_ObjectHideFlags: 0
  m_CorrespondingSourceObject: {fileID: 0}
  m_PrefabInstance: {fileID: 0}
  m_PrefabAsset: {fileID: 0}
  m_GameObject: {fileID: 1195071148}
  m_Enabled: 1
  m_EditorHideFlags: 0
  m_Script: {fileID: 11500000, guid: c7da24d51e7966546a14ff2c7e8b84d0, type: 3}
  m_Name: 
  m_EditorClassIdentifier: 
  angle: 0
  player: {fileID: 647049216}
  bagette: {fileID: 1580831311}
--- !u!1 &1211259021
GameObject:
  m_ObjectHideFlags: 0
  m_CorrespondingSourceObject: {fileID: 0}
  m_PrefabInstance: {fileID: 0}
  m_PrefabAsset: {fileID: 0}
  serializedVersion: 6
  m_Component:
  - component: {fileID: 1211259022}
  - component: {fileID: 1211259027}
  - component: {fileID: 1211259026}
  - component: {fileID: 1211259025}
  - component: {fileID: 1211259024}
  - component: {fileID: 1211259023}
  m_Layer: 8
  m_Name: Tilemap
  m_TagString: Ground
  m_Icon: {fileID: 0}
  m_NavMeshLayer: 0
  m_StaticEditorFlags: 0
  m_IsActive: 1
--- !u!4 &1211259022
Transform:
  m_ObjectHideFlags: 0
  m_CorrespondingSourceObject: {fileID: 0}
  m_PrefabInstance: {fileID: 0}
  m_PrefabAsset: {fileID: 0}
  m_GameObject: {fileID: 1211259021}
  m_LocalRotation: {x: -0, y: -0, z: -0, w: 1}
  m_LocalPosition: {x: 0, y: 0, z: 0}
  m_LocalScale: {x: 1, y: 1, z: 1}
  m_Children: []
  m_Father: {fileID: 1456870720}
  m_RootOrder: 0
  m_LocalEulerAnglesHint: {x: 0, y: 0, z: 0}
--- !u!66 &1211259023
CompositeCollider2D:
  m_ObjectHideFlags: 0
  m_CorrespondingSourceObject: {fileID: 0}
  m_PrefabInstance: {fileID: 0}
  m_PrefabAsset: {fileID: 0}
  m_GameObject: {fileID: 1211259021}
  m_Enabled: 1
  m_Density: 1
  m_Material: {fileID: 0}
  m_IsTrigger: 0
  m_UsedByEffector: 0
  m_UsedByComposite: 0
  m_Offset: {x: 0, y: 0}
  m_GeometryType: 0
  m_GenerationType: 0
  m_EdgeRadius: 0
  m_ColliderPaths:
  - m_Collider: {fileID: 1211259024}
    m_ColliderPaths:
    - - X: -40000000
        Y: -10000000
      - X: -40000000
        Y: -20000000
      - X: 60000000
        Y: -20000000
      - X: 60000000
        Y: 40000000
      - X: 50000000
        Y: 40000000
      - X: 50000000
        Y: -10000000
  m_CompositePaths:
    m_Paths:
    - - {x: 5.999971, y: -2}
      - {x: 5.999971, y: 4}
      - {x: 5, y: 3.999971}
      - {x: 4.9999704, y: -1}
      - {x: -4, y: -1.0000293}
      - {x: -3.999971, y: -2}
  m_VertexDistance: 0.0005
  m_OffsetDistance: 0.00005
--- !u!19719996 &1211259024
TilemapCollider2D:
  m_ObjectHideFlags: 0
  m_CorrespondingSourceObject: {fileID: 0}
  m_PrefabInstance: {fileID: 0}
  m_PrefabAsset: {fileID: 0}
  m_GameObject: {fileID: 1211259021}
  m_Enabled: 1
  m_Density: 1
  m_Material: {fileID: 0}
  m_IsTrigger: 0
  m_UsedByEffector: 0
  m_UsedByComposite: 1
  m_Offset: {x: 0, y: 0}
  m_MaximumTileChangeCount: 1000
  m_ExtrusionFactor: 0.00001
--- !u!50 &1211259025
Rigidbody2D:
  serializedVersion: 4
  m_ObjectHideFlags: 0
  m_CorrespondingSourceObject: {fileID: 0}
  m_PrefabInstance: {fileID: 0}
  m_PrefabAsset: {fileID: 0}
  m_GameObject: {fileID: 1211259021}
  m_BodyType: 2
  m_Simulated: 1
  m_UseFullKinematicContacts: 0
  m_UseAutoMass: 0
  m_Mass: 1
  m_LinearDrag: 0
  m_AngularDrag: 0.05
  m_GravityScale: 1
  m_Material: {fileID: 0}
  m_Interpolate: 0
  m_SleepingMode: 1
  m_CollisionDetection: 0
  m_Constraints: 0
--- !u!483693784 &1211259026
TilemapRenderer:
  m_ObjectHideFlags: 0
  m_CorrespondingSourceObject: {fileID: 0}
  m_PrefabInstance: {fileID: 0}
  m_PrefabAsset: {fileID: 0}
  m_GameObject: {fileID: 1211259021}
  m_Enabled: 1
  m_CastShadows: 0
  m_ReceiveShadows: 0
  m_DynamicOccludee: 1
  m_MotionVectors: 1
  m_LightProbeUsage: 0
  m_ReflectionProbeUsage: 0
  m_RenderingLayerMask: 1
  m_RendererPriority: 0
  m_Materials:
  - {fileID: 10754, guid: 0000000000000000f000000000000000, type: 0}
  m_StaticBatchInfo:
    firstSubMesh: 0
    subMeshCount: 0
  m_StaticBatchRoot: {fileID: 0}
  m_ProbeAnchor: {fileID: 0}
  m_LightProbeVolumeOverride: {fileID: 0}
  m_ScaleInLightmap: 1
  m_ReceiveGI: 1
  m_PreserveUVs: 0
  m_IgnoreNormalsForChartDetection: 0
  m_ImportantGI: 0
  m_StitchLightmapSeams: 1
  m_SelectedEditorRenderState: 0
  m_MinimumChartSize: 4
  m_AutoUVMaxDistance: 0.5
  m_AutoUVMaxAngle: 89
  m_LightmapParameters: {fileID: 0}
  m_SortingLayerID: 0
  m_SortingLayer: 0
  m_SortingOrder: 0
  m_ChunkSize: {x: 32, y: 32, z: 32}
  m_ChunkCullingBounds: {x: 0, y: 0, z: 0}
  m_MaxChunkCount: 16
  m_MaxFrameAge: 16
  m_SortOrder: 0
  m_Mode: 0
  m_DetectChunkCullingBounds: 0
  m_MaskInteraction: 0
--- !u!1839735485 &1211259027
Tilemap:
  m_ObjectHideFlags: 0
  m_CorrespondingSourceObject: {fileID: 0}
  m_PrefabInstance: {fileID: 0}
  m_PrefabAsset: {fileID: 0}
  m_GameObject: {fileID: 1211259021}
  m_Enabled: 1
  m_Tiles:
  - first: {x: -4, y: -2, z: 0}
    second:
      m_TileIndex: 0
      m_TileSpriteIndex: 0
      m_TileMatrixIndex: 0
      m_TileColorIndex: 0
      m_ObjectToInstantiate: {fileID: 0}
      m_TileFlags: 1
      m_ColliderType: 1
  - first: {x: -3, y: -2, z: 0}
    second:
      m_TileIndex: 0
      m_TileSpriteIndex: 0
      m_TileMatrixIndex: 0
      m_TileColorIndex: 0
      m_ObjectToInstantiate: {fileID: 0}
      m_TileFlags: 1
      m_ColliderType: 1
  - first: {x: -2, y: -2, z: 0}
    second:
      m_TileIndex: 0
      m_TileSpriteIndex: 0
      m_TileMatrixIndex: 0
      m_TileColorIndex: 0
      m_ObjectToInstantiate: {fileID: 0}
      m_TileFlags: 1
      m_ColliderType: 1
  - first: {x: -1, y: -2, z: 0}
    second:
      m_TileIndex: 0
      m_TileSpriteIndex: 0
      m_TileMatrixIndex: 0
      m_TileColorIndex: 0
      m_ObjectToInstantiate: {fileID: 0}
      m_TileFlags: 1
      m_ColliderType: 1
  - first: {x: 0, y: -2, z: 0}
    second:
      m_TileIndex: 0
      m_TileSpriteIndex: 0
      m_TileMatrixIndex: 0
      m_TileColorIndex: 0
      m_ObjectToInstantiate: {fileID: 0}
      m_TileFlags: 1
      m_ColliderType: 1
  - first: {x: 1, y: -2, z: 0}
    second:
      m_TileIndex: 0
      m_TileSpriteIndex: 0
      m_TileMatrixIndex: 0
      m_TileColorIndex: 0
      m_ObjectToInstantiate: {fileID: 0}
      m_TileFlags: 1
      m_ColliderType: 1
  - first: {x: 2, y: -2, z: 0}
    second:
      m_TileIndex: 0
      m_TileSpriteIndex: 0
      m_TileMatrixIndex: 0
      m_TileColorIndex: 0
      m_ObjectToInstantiate: {fileID: 0}
      m_TileFlags: 1
      m_ColliderType: 1
  - first: {x: 3, y: -2, z: 0}
    second:
      m_TileIndex: 0
      m_TileSpriteIndex: 0
      m_TileMatrixIndex: 0
      m_TileColorIndex: 0
      m_ObjectToInstantiate: {fileID: 0}
      m_TileFlags: 1
      m_ColliderType: 1
  - first: {x: 4, y: -2, z: 0}
    second:
      m_TileIndex: 0
      m_TileSpriteIndex: 0
      m_TileMatrixIndex: 0
      m_TileColorIndex: 0
      m_ObjectToInstantiate: {fileID: 0}
      m_TileFlags: 1
      m_ColliderType: 1
  - first: {x: 5, y: -2, z: 0}
    second:
      m_TileIndex: 0
      m_TileSpriteIndex: 0
      m_TileMatrixIndex: 0
      m_TileColorIndex: 0
      m_ObjectToInstantiate: {fileID: 0}
      m_TileFlags: 1
      m_ColliderType: 1
  - first: {x: 5, y: -1, z: 0}
    second:
      m_TileIndex: 0
      m_TileSpriteIndex: 0
      m_TileMatrixIndex: 0
      m_TileColorIndex: 0
      m_ObjectToInstantiate: {fileID: 0}
      m_TileFlags: 1
      m_ColliderType: 1
  - first: {x: 5, y: 0, z: 0}
    second:
      m_TileIndex: 0
      m_TileSpriteIndex: 0
      m_TileMatrixIndex: 0
      m_TileColorIndex: 0
      m_ObjectToInstantiate: {fileID: 0}
      m_TileFlags: 1
      m_ColliderType: 1
  - first: {x: 5, y: 1, z: 0}
    second:
      m_TileIndex: 0
      m_TileSpriteIndex: 0
      m_TileMatrixIndex: 0
      m_TileColorIndex: 0
      m_ObjectToInstantiate: {fileID: 0}
      m_TileFlags: 1
      m_ColliderType: 1
  - first: {x: 5, y: 2, z: 0}
    second:
      m_TileIndex: 0
      m_TileSpriteIndex: 0
      m_TileMatrixIndex: 0
      m_TileColorIndex: 0
      m_ObjectToInstantiate: {fileID: 0}
      m_TileFlags: 1
      m_ColliderType: 1
  - first: {x: 5, y: 3, z: 0}
    second:
      m_TileIndex: 0
      m_TileSpriteIndex: 0
      m_TileMatrixIndex: 0
      m_TileColorIndex: 0
      m_ObjectToInstantiate: {fileID: 0}
      m_TileFlags: 1
      m_ColliderType: 1
  m_AnimatedTiles: {}
  m_TileAssetArray:
  - m_RefCount: 15
    m_Data: {fileID: 11400000, guid: 12a8d5c329a204343aca6be507739332, type: 2}
  m_TileSpriteArray:
  - m_RefCount: 15
    m_Data: {fileID: -2517042776046441381, guid: 7252b56e5364c314980261d735bffc6c,
      type: 3}
  m_TileMatrixArray:
  - m_RefCount: 15
    m_Data:
      e00: 1
      e01: 0
      e02: 0
      e03: 0
      e10: 0
      e11: 1
      e12: 0
      e13: 0
      e20: 0
      e21: 0
      e22: 1
      e23: 0
      e30: 0
      e31: 0
      e32: 0
      e33: 1
  m_TileColorArray:
  - m_RefCount: 15
    m_Data: {r: 1, g: 1, b: 1, a: 1}
  m_AnimationFrameRate: 1
  m_Color: {r: 1, g: 1, b: 1, a: 1}
  m_Origin: {x: -4, y: -2, z: 0}
  m_Size: {x: 10, y: 6, z: 1}
  m_TileAnchor: {x: 0.5, y: 0.5, z: 0}
  m_TileOrientation: 0
  m_TileOrientationMatrix:
    e00: 1
    e01: 0
    e02: 0
    e03: 0
    e10: 0
    e11: 1
    e12: 0
    e13: 0
    e20: 0
    e21: 0
    e22: 1
    e23: 0
    e30: 0
    e31: 0
    e32: 0
    e33: 1
--- !u!1 &1429798831
GameObject:
  m_ObjectHideFlags: 0
  m_CorrespondingSourceObject: {fileID: 0}
  m_PrefabInstance: {fileID: 0}
  m_PrefabAsset: {fileID: 0}
  serializedVersion: 6
  m_Component:
  - component: {fileID: 1429798838}
  - component: {fileID: 1429798837}
  - component: {fileID: 1429798836}
  - component: {fileID: 1429798835}
  - component: {fileID: 1429798834}
  - component: {fileID: 1429798833}
  - component: {fileID: 1429798832}
  m_Layer: 0
  m_Name: Player
  m_TagString: Untagged
  m_Icon: {fileID: 0}
  m_NavMeshLayer: 0
  m_StaticEditorFlags: 0
  m_IsActive: 1
--- !u!114 &1429798832
MonoBehaviour:
  m_ObjectHideFlags: 0
  m_CorrespondingSourceObject: {fileID: 0}
  m_PrefabInstance: {fileID: 0}
  m_PrefabAsset: {fileID: 0}
  m_GameObject: {fileID: 1429798831}
  m_Enabled: 1
  m_EditorHideFlags: 0
  m_Script: {fileID: 11500000, guid: 65437ef3c6dd5ca4fafc52bb1a5c30b9, type: 3}
  m_Name: 
  m_EditorClassIdentifier: 
  fallMultiplier: 2.5
  lowJumpMultiplier: 7
  gliding: 0
--- !u!114 &1429798833
MonoBehaviour:
  m_ObjectHideFlags: 0
  m_CorrespondingSourceObject: {fileID: 0}
  m_PrefabInstance: {fileID: 0}
  m_PrefabAsset: {fileID: 0}
  m_GameObject: {fileID: 1429798831}
  m_Enabled: 1
  m_EditorHideFlags: 0
  m_Script: {fileID: 11500000, guid: b5413eafa185d0b4cac4b97bd31eeb21, type: 3}
  m_Name: 
  m_EditorClassIdentifier: 
  groundLayer:
    serializedVersion: 2
    m_Bits: 256
  onGround: 0
  collisionRadius: 0.14
  bottomOffset: {x: 0, y: -0.97}
--- !u!114 &1429798834
MonoBehaviour:
  m_ObjectHideFlags: 0
  m_CorrespondingSourceObject: {fileID: 0}
  m_PrefabInstance: {fileID: 0}
  m_PrefabAsset: {fileID: 0}
  m_GameObject: {fileID: 1429798831}
  m_Enabled: 1
  m_EditorHideFlags: 0
  m_Script: {fileID: 11500000, guid: a6886d85f16ce154d9994b588861a5db, type: 3}
  m_Name: 
  m_EditorClassIdentifier: 
  speed: {fileID: 11400000, guid: 5ab382b572543cd418d44697d099fd06, type: 2}
  jumpForce: 12
  jump: {fileID: 0}
  doubleJump: {fileID: 11400000, guid: 08df9278021aaa94a9578c93ff4b5e68, type: 2}
  glide: {fileID: 11400000, guid: 9b85950e9f8060445b9a74cfd52be3b4, type: 2}
--- !u!60 &1429798835
PolygonCollider2D:
  m_ObjectHideFlags: 0
  m_CorrespondingSourceObject: {fileID: 0}
  m_PrefabInstance: {fileID: 0}
  m_PrefabAsset: {fileID: 0}
  m_GameObject: {fileID: 1429798831}
  m_Enabled: 1
  m_Density: 1
  m_Material: {fileID: 0}
  m_IsTrigger: 0
  m_UsedByEffector: 0
  m_UsedByComposite: 0
  m_Offset: {x: 0, y: 0}
  m_SpriteTilingProperty:
    border: {x: 0, y: 0, z: 0, w: 0}
    pivot: {x: 0.5, y: 0.5}
    oldSize: {x: 9.8, y: 13.42}
    newSize: {x: 1, y: 1}
    adaptiveTilingThreshold: 0.5
    drawMode: 0
    adaptiveTiling: 0
  m_AutoTiling: 0
  m_Points:
    m_Paths:
    - - {x: 1.31, y: -6.37}
      - {x: 1.09, y: -6.0299997}
      - {x: 0.98999995, y: -5.85}
      - {x: 0.88, y: -5.6}
      - {x: 0.78, y: -5.31}
      - {x: 0.69, y: -5}
      - {x: 0.65999997, y: -4.87}
      - {x: 0.82, y: -4.88}
      - {x: 1.01, y: -4.88}
      - {x: 1.14, y: -4.87}
      - {x: 1.1999999, y: -4.8599997}
      - {x: 1.3, y: -4.83}
      - {x: 1.43, y: -4.7799997}
      - {x: 1.77, y: -4.61}
      - {x: 1.93, y: -4.5}
      - {x: 2.18, y: -4.25}
      - {x: 2.4099998, y: -4.0099998}
      - {x: 2.5, y: -3.9099998}
      - {x: 2.6, y: -3.74}
      - {x: 2.6299999, y: -3.6299999}
      - {x: 2.6499999, y: -3.53}
      - {x: 2.6499999, y: -3.28}
      - {x: 2.61, y: -3.1599998}
      - {x: 2.54, y: -3}
      - {x: 2.5, y: -2.9399998}
      - {x: 2.4099998, y: -2.81}
      - {x: 2.3, y: -2.6799998}
      - {x: 2.1, y: -2.37}
      - {x: 2.08, y: -2.22}
      - {x: 2.18, y: -2.11}
      - {x: 2.51, y: -1.9499999}
      - {x: 2.69, y: -1.88}
      - {x: 2.95, y: -1.79}
      - {x: 3.1299999, y: -1.7099999}
      - {x: 3.27, y: -1.66}
      - {x: 3.4199998, y: -1.5899999}
      - {x: 3.76, y: -1.39}
      - {x: 3.84, y: -1.3299999}
      - {x: 3.9599998, y: -1.22}
      - {x: 4.0499997, y: -1.11}
      - {x: 4.12, y: -1}
      - {x: 4.23, y: -0.77}
      - {x: 4.2599998, y: -0.53}
      - {x: 4.2599998, y: -0.42}
      - {x: 4.25, y: -0.34}
      - {x: 4.23, y: -0.22999999}
      - {x: 4.16, y: -0.06}
      - {x: 4.0499997, y: 0.13}
      - {x: 3.87, y: 0.32999998}
      - {x: 3.6799998, y: 0.47}
      - {x: 3.56, y: 0.55}
      - {x: 3.46, y: 0.61}
      - {x: 3.1299999, y: 0.76}
      - {x: 2.73, y: 0.94}
      - {x: 2.46, y: 1.0799999}
      - {x: 2.34, y: 1.1999999}
      - {x: 2.1699998, y: 1.35}
      - {x: 2.11, y: 1.4499999}
      - {x: 1.9799999, y: 1.6899999}
      - {x: 2.01, y: 1.89}
      - {x: 2.11, y: 2.04}
      - {x: 2.22, y: 2.1299999}
      - {x: 2.3, y: 2.22}
      - {x: 2.34, y: 2.33}
      - {x: 2.32, y: 2.49}
      - {x: 2.18, y: 2.6299999}
      - {x: 1.9499999, y: 2.78}
      - {x: 1.9499999, y: 2.9199998}
      - {x: 1.87, y: 2.99}
      - {x: 1.78, y: 3.06}
      - {x: 1.76, y: 3.21}
      - {x: 1.8399999, y: 3.21}
      - {x: 1.89, y: 3.23}
      - {x: 2.03, y: 3.36}
      - {x: 2.07, y: 3.4099998}
      - {x: 2.09, y: 3.46}
      - {x: 2.12, y: 3.56}
      - {x: 2.11, y: 3.6399999}
      - {x: 2.07, y: 3.7099998}
      - {x: 2, y: 3.82}
      - {x: 1.93, y: 3.8999999}
      - {x: 2.02, y: 3.9499998}
      - {x: 2.1499999, y: 4.04}
      - {x: 2.18, y: 4.0699997}
      - {x: 2.3799999, y: 4.19}
      - {x: 2.48, y: 4.2599998}
      - {x: 2.6799998, y: 4.41}
      - {x: 2.79, y: 4.5}
      - {x: 2.9299998, y: 4.63}
      - {x: 3.09, y: 4.81}
      - {x: 3.1499999, y: 4.88}
      - {x: 3.29, y: 5.12}
      - {x: 3.31, y: 5.2599998}
      - {x: 3.25, y: 5.31}
      - {x: 3.1899998, y: 5.2999997}
      - {x: 2.8899999, y: 5.16}
      - {x: 2.3, y: 4.95}
      - {x: 2.23, y: 4.93}
      - {x: 1.9699999, y: 4.8399997}
      - {x: 1.78, y: 4.8199997}
      - {x: 1.51, y: 4.8199997}
      - {x: 1.4599999, y: 4.83}
      - {x: 1.2099999, y: 4.96}
      - {x: 0.93, y: 5.14}
      - {x: 0.7, y: 5.27}
      - {x: 0.59999996, y: 5.3399997}
      - {x: 0.26, y: 5.5}
      - {x: 0.16, y: 5.5499997}
      - {x: -0.29999998, y: 5.66}
      - {x: -0.41, y: 5.68}
      - {x: -0.59, y: 5.68}
      - {x: -0.69, y: 5.64}
      - {x: -0.93, y: 5.5299997}
      - {x: -1.04, y: 5.46}
      - {x: -1.42, y: 5.17}
      - {x: -1.5799999, y: 5.0299997}
      - {x: -1.89, y: 4.74}
      - {x: -2.06, y: 4.56}
      - {x: -2.2, y: 4.4}
      - {x: -2.24, y: 4.3399997}
      - {x: -2.24, y: 4.2799997}
      - {x: -2.21, y: 4.24}
      - {x: -1.9499999, y: 4.25}
      - {x: -1.6899999, y: 4.2799997}
      - {x: -1.4, y: 4.29}
      - {x: -1.23, y: 4.2999997}
      - {x: -1.12, y: 4.3199997}
      - {x: -1.04, y: 4.3399997}
      - {x: -0.97999996, y: 4.21}
      - {x: -0.85999995, y: 4.04}
      - {x: -0.83, y: 3.8899999}
      - {x: -0.96, y: 3.78}
      - {x: -1.11, y: 3.6699998}
      - {x: -1.38, y: 3.51}
      - {x: -1.53, y: 3.4299998}
      - {x: -1.64, y: 3.36}
      - {x: -2.03, y: 3.1399999}
      - {x: -2.26, y: 3}
      - {x: -2.4199998, y: 2.84}
      - {x: -2.5, y: 2.6699998}
      - {x: -2.51, y: 2.49}
      - {x: -2.47, y: 2.3899999}
      - {x: -2.3999999, y: 2.32}
      - {x: -2.27, y: 2.22}
      - {x: -2.1599998, y: 2.1599998}
      - {x: -1.9499999, y: 2.12}
      - {x: -1.75, y: 2.11}
      - {x: -1.48, y: 2.1499999}
      - {x: -1.38, y: 2.18}
      - {x: -1.76, y: 2}
      - {x: -1.8499999, y: 1.9399999}
      - {x: -1.99, y: 1.8299999}
      - {x: -2.08, y: 1.74}
      - {x: -2.1499999, y: 1.66}
      - {x: -2.26, y: 1.43}
      - {x: -2.27, y: 1.25}
      - {x: -2.21, y: 1.09}
      - {x: -2.08, y: 0.95}
      - {x: -1.9699999, y: 0.78999996}
      - {x: -1.9599999, y: 0.68}
      - {x: -1.93, y: 0.53999996}
      - {x: -2.05, y: 0.41}
      - {x: -2.28, y: 0.25}
      - {x: -2.58, y: -0.02}
      - {x: -2.74, y: -0.17999999}
      - {x: -2.8799999, y: -0.39999998}
      - {x: -2.95, y: -0.53999996}
      - {x: -3.04, y: -0.74}
      - {x: -3.06, y: -0.81}
      - {x: -3.08, y: -0.93}
      - {x: -3.12, y: -1}
      - {x: -3.36, y: -0.95}
      - {x: -3.47, y: -0.9}
      - {x: -3.4299998, y: -0.85999995}
      - {x: -3.4099998, y: -0.79999995}
      - {x: -3.4499998, y: -0.71}
      - {x: -3.36, y: -0.48}
      - {x: -3.36, y: -0.42999998}
      - {x: -3.34, y: -0.22}
      - {x: -3.36, y: -0.16}
      - {x: -3.1499999, y: -0.02}
      - {x: -3, y: 0.11}
      - {x: -3, y: 0.26}
      - {x: -3.01, y: 0.32}
      - {x: -3.09, y: 0.38}
      - {x: -3.29, y: 0.35999998}
      - {x: -3.53, y: 0.22999999}
      - {x: -3.6299999, y: 0.14999999}
      - {x: -3.83, y: -0.06}
      - {x: -3.9199998, y: -0.21}
      - {x: -3.9499998, y: -0.28}
      - {x: -3.98, y: -0.35999998}
      - {x: -4, y: -0.47}
      - {x: -4.02, y: -0.68}
      - {x: -4.0899997, y: -0.64}
      - {x: -4.25, y: -0.63}
      - {x: -4.37, y: -0.65999997}
      - {x: -4.5, y: -0.71}
      - {x: -4.5899997, y: -0.81}
      - {x: -4.5899997, y: -0.9}
      - {x: -4.5, y: -1.01}
      - {x: -4.2999997, y: -1.09}
      - {x: -4.0899997, y: -1.0699999}
      - {x: -3.9399998, y: -1.16}
      - {x: -3.87, y: -1.16}
      - {x: -3.81, y: -1.11}
      - {x: -3.6999998, y: -1.1899999}
      - {x: -3.47, y: -1.29}
      - {x: -3.31, y: -1.3299999}
      - {x: -3.06, y: -1.3299999}
      - {x: -3.05, y: -1.37}
      - {x: -2.98, y: -1.48}
      - {x: -2.8799999, y: -1.5799999}
      - {x: -2.77, y: -1.64}
      - {x: -2.69, y: -1.67}
      - {x: -2.6, y: -1.6899999}
      - {x: -2.18, y: -1.6899999}
      - {x: -2.08, y: -1.68}
      - {x: -2.08, y: -1.76}
      - {x: -2.19, y: -1.91}
      - {x: -2.25, y: -2.01}
      - {x: -2.32, y: -2.1299999}
      - {x: -2.44, y: -2.37}
      - {x: -2.54, y: -2.72}
      - {x: -2.55, y: -3.02}
      - {x: -2.52, y: -3.09}
      - {x: -2.4199998, y: -3.31}
      - {x: -2.26, y: -3.48}
      - {x: -2.18, y: -3.55}
      - {x: -2.04, y: -3.6499999}
      - {x: -1.92, y: -3.6999998}
      - {x: -1.8299999, y: -3.74}
      - {x: -1.56, y: -3.79}
      - {x: -1.4699999, y: -3.82}
      - {x: -1.5, y: -3.8999999}
      - {x: -1.53, y: -3.99}
      - {x: -1.5799999, y: -4.17}
      - {x: -1.65, y: -4.39}
      - {x: -1.73, y: -4.63}
      - {x: -1.87, y: -5}
      - {x: -1.9599999, y: -5.22}
      - {x: -2.02, y: -5.47}
      - {x: -2.02, y: -5.7799997}
      - {x: -2, y: -5.9}
      - {x: -1.9699999, y: -6.04}
      - {x: -1.92, y: -6.1299996}
      - {x: -1.79, y: -6.27}
      - {x: -1.7099999, y: -6.3399997}
      - {x: -1.65, y: -6.37}
      - {x: -1.5999999, y: -6.37}
      - {x: -1.56, y: -6.33}
      - {x: -1.54, y: -6.1099997}
      - {x: -1.52, y: -5.97}
      - {x: -1.48, y: -5.68}
      - {x: -1.41, y: -5.3399997}
      - {x: -1.35, y: -5.16}
      - {x: -1.29, y: -4.87}
      - {x: -1.27, y: -4.7599998}
      - {x: -1.04, y: -4.75}
      - {x: -0.82, y: -4.68}
      - {x: -0.71, y: -4.91}
      - {x: -0.62, y: -5}
      - {x: -0.48, y: -5.06}
      - {x: -0.39999998, y: -5.08}
      - {x: -0.31, y: -5.08}
      - {x: -0.21, y: -5.0699997}
      - {x: 0.02, y: -4.94}
      - {x: 0.13, y: -4.8399997}
      - {x: 0.13, y: -4.93}
      - {x: 0.24, y: -5.47}
      - {x: 0.26999998, y: -5.6}
      - {x: 0.29999998, y: -5.74}
      - {x: 0.31, y: -5.7799997}
      - {x: 0.32, y: -5.83}
      - {x: 0.34, y: -5.92}
      - {x: 0.39, y: -6.1099997}
      - {x: 0.45999998, y: -6.2599998}
      - {x: 0.53999996, y: -6.3399997}
      - {x: 0.71, y: -6.45}
      - {x: 0.90999997, y: -6.5299997}
      - {x: 1.11, y: -6.5299997}
      - {x: 1.18, y: -6.5099998}
      - {x: 1.25, y: -6.48}
      - {x: 1.3199999, y: -6.41}
--- !u!50 &1429798836
Rigidbody2D:
  serializedVersion: 4
  m_ObjectHideFlags: 0
  m_CorrespondingSourceObject: {fileID: 0}
  m_PrefabInstance: {fileID: 0}
  m_PrefabAsset: {fileID: 0}
  m_GameObject: {fileID: 1429798831}
  m_BodyType: 0
  m_Simulated: 1
  m_UseFullKinematicContacts: 0
  m_UseAutoMass: 0
  m_Mass: 1
  m_LinearDrag: 0
  m_AngularDrag: 0.05
  m_GravityScale: 3
  m_Material: {fileID: 6200000, guid: 10182378d5c15b54cbf755c186a4c0d8, type: 2}
  m_Interpolate: 0
  m_SleepingMode: 1
  m_CollisionDetection: 0
  m_Constraints: 4
--- !u!212 &1429798837
SpriteRenderer:
  m_ObjectHideFlags: 0
  m_CorrespondingSourceObject: {fileID: 0}
  m_PrefabInstance: {fileID: 0}
  m_PrefabAsset: {fileID: 0}
  m_GameObject: {fileID: 1429798831}
  m_Enabled: 1
  m_CastShadows: 0
  m_ReceiveShadows: 0
  m_DynamicOccludee: 1
  m_MotionVectors: 1
  m_LightProbeUsage: 1
  m_ReflectionProbeUsage: 1
  m_RenderingLayerMask: 1
  m_RendererPriority: 0
  m_Materials:
  - {fileID: 10754, guid: 0000000000000000f000000000000000, type: 0}
  m_StaticBatchInfo:
    firstSubMesh: 0
    subMeshCount: 0
  m_StaticBatchRoot: {fileID: 0}
  m_ProbeAnchor: {fileID: 0}
  m_LightProbeVolumeOverride: {fileID: 0}
  m_ScaleInLightmap: 1
  m_ReceiveGI: 1
  m_PreserveUVs: 0
  m_IgnoreNormalsForChartDetection: 0
  m_ImportantGI: 0
  m_StitchLightmapSeams: 1
  m_SelectedEditorRenderState: 0
  m_MinimumChartSize: 4
  m_AutoUVMaxDistance: 0.5
  m_AutoUVMaxAngle: 89
  m_LightmapParameters: {fileID: 0}
  m_SortingLayerID: 0
  m_SortingLayer: 0
  m_SortingOrder: 0
  m_Sprite: {fileID: 21300000, guid: c16feb8d53d5a904a8ecc7faaea96d4e, type: 3}
  m_Color: {r: 1, g: 1, b: 1, a: 1}
  m_FlipX: 0
  m_FlipY: 0
  m_DrawMode: 0
  m_Size: {x: 1, y: 1}
  m_AdaptiveModeThreshold: 0.5
  m_SpriteTileMode: 0
  m_WasSpriteAssigned: 1
  m_MaskInteraction: 0
  m_SpriteSortPoint: 0
--- !u!4 &1429798838
Transform:
  m_ObjectHideFlags: 0
  m_CorrespondingSourceObject: {fileID: 0}
  m_PrefabInstance: {fileID: 0}
  m_PrefabAsset: {fileID: 0}
  m_GameObject: {fileID: 1429798831}
  m_LocalRotation: {x: -0, y: -0, z: -0, w: 1}
  m_LocalPosition: {x: 0, y: 1.52, z: 0}
  m_LocalScale: {x: 0.1544152, y: 0.15441525, z: 0.15441525}
  m_Children:
  - {fileID: 1580831312}
  m_Father: {fileID: 647049217}
  m_RootOrder: 0
  m_LocalEulerAnglesHint: {x: 0, y: 0, z: 0}
--- !u!1 &1456870718
GameObject:
  m_ObjectHideFlags: 0
  m_CorrespondingSourceObject: {fileID: 0}
  m_PrefabInstance: {fileID: 0}
  m_PrefabAsset: {fileID: 0}
  serializedVersion: 6
  m_Component:
  - component: {fileID: 1456870720}
  - component: {fileID: 1456870719}
  m_Layer: 0
  m_Name: Grid
  m_TagString: Untagged
  m_Icon: {fileID: 0}
  m_NavMeshLayer: 0
  m_StaticEditorFlags: 0
  m_IsActive: 1
--- !u!156049354 &1456870719
Grid:
  m_ObjectHideFlags: 0
  m_CorrespondingSourceObject: {fileID: 0}
  m_PrefabInstance: {fileID: 0}
  m_PrefabAsset: {fileID: 0}
  m_GameObject: {fileID: 1456870718}
  m_Enabled: 1
  m_CellSize: {x: 1, y: 1, z: 0}
  m_CellGap: {x: 0, y: 0, z: 0}
  m_CellLayout: 0
  m_CellSwizzle: 0
--- !u!4 &1456870720
Transform:
  m_ObjectHideFlags: 0
  m_CorrespondingSourceObject: {fileID: 0}
  m_PrefabInstance: {fileID: 0}
  m_PrefabAsset: {fileID: 0}
  m_GameObject: {fileID: 1456870718}
  m_LocalRotation: {x: 0, y: 0, z: 0, w: 1}
  m_LocalPosition: {x: 0, y: 0, z: 0}
  m_LocalScale: {x: 1, y: 1, z: 1}
  m_Children:
  - {fileID: 1211259022}
  m_Father: {fileID: 0}
  m_RootOrder: 1
  m_LocalEulerAnglesHint: {x: 0, y: 0, z: 0}
--- !u!1 &1580831311
GameObject:
  m_ObjectHideFlags: 0
  m_CorrespondingSourceObject: {fileID: 0}
  m_PrefabInstance: {fileID: 0}
  m_PrefabAsset: {fileID: 0}
  serializedVersion: 6
  m_Component:
  - component: {fileID: 1580831312}
  m_Layer: 0
  m_Name: Bagette
  m_TagString: Untagged
  m_Icon: {fileID: 0}
  m_NavMeshLayer: 0
  m_StaticEditorFlags: 0
  m_IsActive: 1
--- !u!4 &1580831312
Transform:
  m_ObjectHideFlags: 0
  m_CorrespondingSourceObject: {fileID: 0}
  m_PrefabInstance: {fileID: 0}
  m_PrefabAsset: {fileID: 0}
  m_GameObject: {fileID: 1580831311}
  m_LocalRotation: {x: -0, y: -0, z: -0, w: 1}
  m_LocalPosition: {x: 0, y: 0, z: 0}
  m_LocalScale: {x: 1, y: 1, z: 1}
  m_Children:
  - {fileID: 1195071149}
  m_Father: {fileID: 1429798838}
  m_RootOrder: 0
  m_LocalEulerAnglesHint: {x: 0, y: 0, z: 0}
--- !u!1001 &3521579761066661230
PrefabInstance:
  m_ObjectHideFlags: 0
  serializedVersion: 2
  m_Modification:
    m_TransformParent: {fileID: 0}
    m_Modifications:
    - target: {fileID: 3521579760337241645, guid: 6af74b3bd9cd76747921ed48e4f2cedc,
        type: 3}
      propertyPath: m_LocalPosition.x
      value: -2.03
      objectReference: {fileID: 0}
    - target: {fileID: 3521579760337241645, guid: 6af74b3bd9cd76747921ed48e4f2cedc,
        type: 3}
      propertyPath: m_LocalPosition.y
      value: 3.37
      objectReference: {fileID: 0}
    - target: {fileID: 3521579760337241645, guid: 6af74b3bd9cd76747921ed48e4f2cedc,
        type: 3}
      propertyPath: m_LocalPosition.z
      value: 0
      objectReference: {fileID: 0}
    - target: {fileID: 3521579760337241645, guid: 6af74b3bd9cd76747921ed48e4f2cedc,
        type: 3}
      propertyPath: m_LocalRotation.x
      value: 0
      objectReference: {fileID: 0}
    - target: {fileID: 3521579760337241645, guid: 6af74b3bd9cd76747921ed48e4f2cedc,
        type: 3}
      propertyPath: m_LocalRotation.y
      value: 0
      objectReference: {fileID: 0}
    - target: {fileID: 3521579760337241645, guid: 6af74b3bd9cd76747921ed48e4f2cedc,
        type: 3}
      propertyPath: m_LocalRotation.z
      value: 0
      objectReference: {fileID: 0}
    - target: {fileID: 3521579760337241645, guid: 6af74b3bd9cd76747921ed48e4f2cedc,
        type: 3}
      propertyPath: m_LocalRotation.w
      value: 1
      objectReference: {fileID: 0}
    - target: {fileID: 3521579760337241645, guid: 6af74b3bd9cd76747921ed48e4f2cedc,
        type: 3}
      propertyPath: m_RootOrder
      value: 2
      objectReference: {fileID: 0}
    - target: {fileID: 3521579760337241645, guid: 6af74b3bd9cd76747921ed48e4f2cedc,
        type: 3}
      propertyPath: m_LocalEulerAnglesHint.x
      value: 0
      objectReference: {fileID: 0}
    - target: {fileID: 3521579760337241645, guid: 6af74b3bd9cd76747921ed48e4f2cedc,
        type: 3}
      propertyPath: m_LocalEulerAnglesHint.y
      value: 0
      objectReference: {fileID: 0}
    - target: {fileID: 3521579760337241645, guid: 6af74b3bd9cd76747921ed48e4f2cedc,
        type: 3}
      propertyPath: m_LocalEulerAnglesHint.z
      value: 0
      objectReference: {fileID: 0}
    - target: {fileID: 3521579760337241681, guid: 6af74b3bd9cd76747921ed48e4f2cedc,
        type: 3}
      propertyPath: m_Name
      value: Projectile
      objectReference: {fileID: 0}
    m_RemovedComponents: []
  m_SourcePrefab: {fileID: 100100000, guid: 6af74b3bd9cd76747921ed48e4f2cedc, type: 3}
